@ARTICLE{Ikea,
       author = {{Sharma}, Mahavir and {Theuns}, Tom},
        title = "{The I{\ensuremath{\kappa}}{\ensuremath{\epsilon}}{\ensuremath{\alpha}} model of feedback-regulated galaxy formation}",
      journal = {\mnras},
     keywords = {galaxies : general, galaxies : formation, galaxies : evolution, quasars : supermassive black holes, Astrophysics - Astrophysics of Galaxies, Astrophysics - Cosmology and Nongalactic Astrophysics, Astrophysics - Solar and Stellar Astrophysics, Physics - Applied Physics},
         year = 2020,
        month = feb,
       volume = {492},
       number = {2},
        pages = {2418-2436},
          doi = {10.1093/mnras/stz2909},
archivePrefix = {arXiv},
       eprint = {1906.10135},
 primaryClass = {astro-ph.GA},
       adsurl = {https://ui.adsabs.harvard.edu/abs/2020MNRAS.492.2418S},
      adsnote = {Provided by the SAO/NASA Astrophysics Data System}
}

@ARTICLE{EAGLE,
       author = {{McAlpine}, S. and {Helly}, J.~C. and {Schaller}, M. and {Trayford}, J.~W. and {Qu}, Y. and {Furlong}, M. and {Bower}, R.~G. and {Crain}, R.~A. and {Schaye}, J. and {Theuns}, T. and {Dalla Vecchia}, C. and {Frenk}, C.~S. and {McCarthy}, I.~G. and {Jenkins}, A. and {Rosas-Guevara}, Y. and {White}, S.~D.~M. and {Baes}, M. and {Camps}, P. and {Lemson}, G.},
        title = "{The EAGLE simulations of galaxy formation: Public release of halo and galaxy catalogues}",
      journal = {Astronomy and Computing},
     keywords = {Cosmology: theory, Galaxies: formation, Galaxies: evolution, Method: numerical, Astrophysics - Astrophysics of Galaxies, Astrophysics - Cosmology and Nongalactic Astrophysics},
         year = 2016,
        month = apr,
       volume = {15},
        pages = {72-89},
          doi = {10.1016/j.ascom.2016.02.004},
archivePrefix = {arXiv},
       eprint = {1510.01320},
 primaryClass = {astro-ph.GA},
       adsurl = {https://ui.adsabs.harvard.edu/abs/2016A&C....15...72M},
      adsnote = {Provided by the SAO/NASA Astrophysics Data System}
}

@misc{Colossus,
  title = {Colossus},
  howpublished = {\url{http://www.benediktdiemer.com/code/colossus/}},
  note = {Accessed: 12/12/2020}
}

